@article{gitarticle, 
author = "Bird et al", 
title = "The Promises and Perils of Mining Git",
journal = "Proceedings of the 2009
6th IEEE International Working Conference
on Mining Software Repositories",
}
